[{"month":"2021-01","revenue":36822125},{"month":"2021-02","revenue":35611797},{"month":"2021-03","revenue":23643062},{"month":"2021-04","revenue":22208472},{"month":"2021-05","revenue":34163856},{"month":"2021-06","revenue":43154552},{"month":"2021-07","revenue":148007734},{"month":"2021-08","revenue":227862744},{"month":"2021-09","revenue":145943334},{"month":"2021-10","revenue":207603257},{"month":"2021-11","revenue":180396008},{"month":"2021-12","revenue":217309963},{"month":"2022-01","revenue":238541881},{"month":"2022-02","revenue":173937983},{"month":"2022-03","revenue":262738612},{"month":"2022-04","revenue":276472257},{"month":"2022-05","revenue":210799580},{"month":"2022-06","revenue":117950822},{"month":"2022-07","revenue":267110977},{"month":"2022-08","revenue":76025459},{"month":"2022-09","revenue":559290227},{"month":"2022-10","revenue":56247211},{"month":"2022-11","revenue":47924364},{"month":"2022-12","revenue":57809017}]